@book{eleph,
  title={Elephantine X},
  subtitle={Die Keramik römischer bis früharabischer Zeit},
  author={Robert D. Gempeler},
  year={1992},
  location={Mainz},
  publisher={Von Zabern}
}
@book{consp,
address = {Bonn},
  author = {Ettlinger, Elisabeth},
  editor = {Deutsches Archäologisches Institut zu Frankfurt AND Römisch-Germanische Kommission},
  publisher = {Habelt},
  series = {Materialien zur römisch-germanischen Keramik},
  title = {Conspectus formarum terrae sigillatae Italico modo confectae},
  shorttitle = {Conspectus},
  year = 1990
}
@book{handbook-nlp,
author = {Indurkhya, Nitin and Damerau, Fred J.},
 title = {Handbook of Natural Language Processing},
 shorttitle={Handbook of NLP},
 year = {2010},
 edition = {2nd},
 publisher = {Chapman \& Hall/CRC}
 }
@INPROCEEDINGS{heideltime,
  author = {Jannik Str\"{o}tgen and Michael Gertz},
  title = {HeidelTime: High Quality Rule-Based Extraction and Normalization of Temporal Expressions},
  booktitle = {Proceedings of the 5th International Workshop on Semantic Evaluation},
  year = {2010},
  pages = {321--324},
  address = {Uppsala, Sweden},
  month = {July},
  publisher = {Association for Computational Linguistics},
  url = {http://www.aclweb.org/anthology/S10-1071}
}
